4125 6200
268 367 322 427 ms
509 361 614 417 nnnc
630 359 857 421 recensurus
869 363 1010 422 numus
1029 362 1130 422 erus.
1148 362 1169 421 r.
1184 391 1221 407 -
1240 342 1463 421 umrscmtca
1483 362 1647 422 neruum
1830 366 1880 426 set

267 484 297 534 et
310 485 450 533 remanent
462 480 517 531 duo
528 495 537 543 ς
550 477 637 538 tribue
645 491 711 549 erro
721 476 805 549 tignis
817 485 847 534 et
867 475 974 536 duobus
986 493 1056 549 nun·
1071 483 1090 539 ι
1106 476 1244 550 μεεςίειε
1263 491 1327 545 εεες
1352 477 1451 548 narrtre
1464 492 1514 550 ner
1536 476 1640 546 decen,
1655 473 1754 548 tendes
1765 480 1825 536 detti
1841 495 1883 540 te·

266 564 329 628 ctis,
337 572 434 621 octana
442 566 503 622 luna
510 580 617 636 semme
629 581 645 623 ε
658 567 717 623 soie
728 566 871 625 dirimitur.
881 568 953 626 bunt
961 567 1053 625 εειεω
1108 568 1186 641 niuis
1199 575 1228 626 et
1239 578 1380 625 remanent
1398 584 1463 638 sex;
1477 577 1582 640 tentem
1599 585 1664 640 ergo
1686 570 1769 641 runis
1781 580 1809 629 et
1820 572 1885 633 bert

267 663 382 725 punctos
395 669 442 711 εεε
464 663 554 726 partes
566 655 696 728 iintellige,
717 655 808 724 idest,
826 667 956 729 quantum
971 658 1012 715 sel
1026 657 1054 715 in
1106 677 1170 726 una,
1181 660 1254 733 quod
1268 670 1311 719 est
1320 660 1459 722 dimidium
1471 662 1551 734 signi,
1565 676 1598 719 ac
1610 671 1722 734 nuncto,
1735 660 1763 717 id
1774 660 1885 729 attri-

265 746 378 804 audiacn
390 748 540 817 serdicbrrs
548 750 657 806 conicit
667 750 779 817 itineris,
792 760 906 821 nunnus
917 751 1052 824 siquidem
1104 750 1156 809 bus
1173 752 1306 824 partibus,
1330 767 1401 809 nona
1422 751 1527 809 decima
1548 766 1656 824 semper
1677 751 1704 808 ln
1728 752 1885 826 itinereque

267 839 350 897 babet
363 850 419 897 tres
439 851 540 912 names,
553 843 615 912 nuta
629 841 735 913 signum
749 857 858 915 queque
876 844 972 901 decern
985 860 1055 916 oua·
1105 852 1225 918 omnent
1237 859 1253 900 a
1266 844 1325 901 sole
1336 844 1455 916 digressa
1467 848 1518 901 ert
1533 843 1566 901 lit
1578 860 1613 901 ne
1625 844 1744 920 euspicio
1757 844 1803 903 tibi
1820 846 1885 903 lette

266 939 337 1000 ctos,
353 931 461 1003 triginta
474 932 565 989 anum
579 933 661 991 babet
672 944 772 1007 narres
785 934 852 993 item
865 951 942 994 sume
954 952 1053 993 nonam
1105 935 1255 1007 argumenti
1283 934 1399 994 lalientis
1423 936 1534 1003 incidat,
1558 949 1649 1006 nuere
1670 938 1704 992 ad
1730 937 1884 995 mansuum

265 1021 397 1080 dedimam
418 1022 530 1093 lurum,
551 1022 698 1096 multiplica
713 1041 763 1099 ner
774 1034 901 1097 quatuor,
922 1024 990 1083 liunt
1010 1040 1057 1084 se·
1106 1030 1179 1098 cmii,
1189 1027 1262 1099 quod
1271 1027 1392 1099 quintam
1404 1027 1536 1087 decimam
1550 1027 1642 1085 lusam
1652 1036 1746 1085 unere
1759 1042 1836 1085 uene
1846 1036 1886 1085 eet

892 1159 1038 1221 GLOSSAE
1059 1163 1103 1221 tit
1120 1164 1280 1223 scribtis.

264 1251 1050 1392 tertulldimitittlddbdtltd·
1103 1254 1886 1395 :lbet:utilititatembrumille

265 1402 322 1448 tum
336 1407 401 1448 tero
419 1391 455 1447 dli
472 1408 536 1465 pars
554 1392 629 1450 borne
642 1400 696 1461 est,
709 1394 810 1450 babens
824 1394 851 1449 in
870 1408 901 1451 se
921 1411 1051 1453 nectum
1103 1397 1170 1454 sima
1185 1413 1249 1467 nare
1262 1398 1341 1456 unius
1359 1399 1441 1455 bom.
1458 1392 1546 1453 Prima
1567 1397 1648 1467 igitur
1662 1396 1726 1454 luna
1741 1406 1802 1469 nost
1821 1401 1883 1458 solis

264 1472 381 1519 mutnus.
399 1462 456 1519 Una
478 1477 543 1519 rere
556 1462 623 1518 bera
637 1462 720 1521 babet
733 1464 760 1519 io
779 1479 809 1519 sc
824 1480 878 1521 xxu
892 1473 1008 1531 atomos,
1024 1476 1052 1522 et
1102 1482 1229 1525 nmmum
1243 1468 1351 1535 lunens,
1372 1475 1494 1525 moratur
1511 1474 1715 1538 superterram,
1738 1468 1823 1541 matio
1835 1469 1883 1528 do·

265 1547 327 1589 nur.
339 1530 379 1590 Er
388 1532 429 1589 bis
440 1541 529 1590 tamen
536 1533 926 1604 namrionibnspredtertsdna
932 1544 1051 1591 snorum
1104 1536 1207 1596 drantis
1218 1547 1247 1595 et
1264 1539 1400 1597 semuncia
1418 1539 1498 1595 unius
1511 1535 1595 1597 born.
1610 1534 1686 1593 Luna
1700 1538 1815 1594 secunda
1829 1549 1886 1609 post

263 1604 298 1657 ad
322 1603 392 1659 banc
418 1611 577 1675 presentem
596 1604 790 1674 questionem,
806 1604 832 1661 id
853 1613 905 1672 εει,
925 1608 959 1661 ad
982 1605 1053 1662 lunae
1103 1607 1307 1665 soliseceasum
1330 1616 1449 1664 moratur
1462 1615 1669 1676 superterram,
1690 1608 1804 1664 luoendo
1823 1610 1886 1667 bera

262 1672 414 1749 discursum
427 1673 562 1745 pertinere
571 1690 625 1730 rrnn
639 1674 749 1731 dubium
762 1683 812 1743 est,
826 1676 976 1747 quinariam
996 1677 1051 1733 sci·
1104 1684 1132 1733 ct
1144 1677 1266 1747 dimidia,
1281 1687 1310 1735 ct
1332 1694 1384 1734 una
1407 1678 1496 1736 uncia.
1511 1676 1603 1734 Tertia
1628 1678 1722 1734 lucens
1744 1682 1805 1749 nost
1825 1681 1886 1737 solia

261 1744 326 1802 liert
339 1752 368 1799 ct
388 1743 631 1814 nnadnresmnn.
648 1744 775 1811 Quioaria
787 1761 903 1817 namque
920 1745 954 1801 ad
967 1748 1052 1804 solius
1104 1763 1239 1816 occasum
1254 1758 1375 1807 moratur
1387 1749 1475 1819 spatio
1487 1748 1600 1806 duarum
1616 1747 1755 1817 terarum,
1769 1756 1797 1805 et
1806 1752 1886 1808 tertie

264 1813 455 1870 lunaecursum
472 1816 602 1882 uertinct,
627 1815 730 1871 ceteris
745 1814 1089 1899 partitimribusetsoliag
1122 1819 1187 1874 artis
1214 1820 1293 1878 unius
1319 1818 1409 1884 borae,
1435 1826 1465 1874 et
1487 1819 1649 1885 semuneier
1674 1828 1781 1889 quarta,
1806 1820 1886 1877 tribua

227 1901 229 1904 ·
261 1883 1053 1955 etluorcdiscursibusattributie.QuodergePliniusSecun·
1104 1834 1177 1944 Ruris
1196 1897 1224 1945 et
1242 1889 1346 1948 duabus
1370 1888 1475 1957 unciis;
1496 1889 1603 1959 quinta,
1615 1899 1733 1959 quatuor
1748 1890 1829 1954 beris,
1842 1907 1887 1947 er·

261 1954 313 2009 dns
323 1954 513 2021 relert,lunam
528 1955 1051 2013 dodrantesctsemuociasbnrarnmaut
1103 1967 1179 2029 cepta
1192 1960 1347 2026 semuncia3
1368 1967 1461 2026 senta,
1474 1966 1591 2030 quatuor
1612 1959 1686 2017 boris
1699 1968 1729 2015 et
1746 1959 1887 2029 dodrante;

264 2023 329 2080 oriri
340 2034 387 2081 aut
396 2025 520 2081 occidere
530 2027 633 2081 tardius
642 2025 761 2097 quotidie
774 2042 855 2098 quam
869 2026 954 2093 oridie
963 2023 1050 2083 lucrat
1103 2030 1230 2100 septima,
1244 2030 1362 2101 quinque
1373 2030 1446 2086 boris
1460 2037 1488 2084 ct
1499 2028 1618 2094 dimidia,
1633 2039 1661 2112 et
1674 2031 1829 2096 semuncla;
1842 2047 1886 2087 oc·

262 2095 418 2151 innrtuaut
436 2096 463 2152 in
478 2108 585 2163 occasu.
606 2096 672 2151 tarrri
690 2097 805 2165 sontium
821 2098 950 2168 temporis
963 2105 1050 2163 tenet,
1103 2104 1175 2166 lava,
1203 2115 1251 2157 ees
1274 2101 1358 2168 boris,
1381 2107 1410 2155 et
1423 2099 1501 2155 tertia
1516 2108 1594 2170 parte
1608 2113 1686 2155 nnius
1707 2100 1794 2165 borae:
1810 2116 1884 2168 nont,

176 2196 179 2202 ·
263 2166 314 2221 lrnc
327 2174 369 2222 eet
389 2182 441 2222 uxr
456 2174 484 2221 et
504 2182 584 2222 unum
600 2176 747 2233 momenta,
770 2175 798 2222 et
819 2167 1051 2224 bisseuoiusnm·
1103 2168 1174 2226 lucet
1195 2178 1299 2241 εεριειε
1325 2170 1407 2233 beris.
1430 2176 1460 2227 et
1484 2186 1536 2225 una
1559 2169 1636 2225 uncia
1654 2176 1682 2225 et
1700 2170 1885 2237 dimidia3dc·

262 2235 356 2292 menti.
369 2235 488 2292 bodrana
501 2237 601 2308 quinne
614 2237 640 2291 in
651 2237 723 2292 otoni
737 2252 861 2293 mensura
874 2246 929 2294 tres
942 2249 1052 2308 quartas
1104 2237 1183 2306 eima,
1199 2240 1273 2298 lucet
1285 2249 1349 2297 ecto
1372 2239 1462 2308 boris,
1488 2250 1603 2311 extenta
1618 2242 1781 2308 una.nncie;
1804 2242 1884 2297 unde-

262 2316 353 2375 oartes
366 2306 497 2362 continet.
512 2306 540 2362 Si
551 2321 616 2376 ergo
630 2308 697 2362 bora
712 2322 764 2363 una
776 2308 956 2378 quadraginta
970 2310 1052 2365 babet
1104 2310 1183 2377 eima,
1207 2311 1278 2367 lucet
1296 2320 1360 2371 octo
1373 2310 1459 2377 boris.
1474 2320 1507 2366 ⁴ct
1521 2311 1592 2367 bisse
1604 2312 1682 2367 unius
1698 2310 1783 2376 born,
1796 2321 1824 2367 ct
1842 2326 1885 2367 te·

262 2386 406 2444 momenta,
427 2377 548 2446 sequitur
569 2387 598 2432 ut
617 2377 735 2434 dodrans
755 2378 834 2436 unius
854 2379 928 2434 borne
943 2380 1051 2448 tr'ginta
1103 2383 1227 2448 muncia3
1241 2380 1408 2447 duodecima,
1424 2381 1496 2437 lucet
1515 2396 1611 2437 nouem
1626 2381 1711 2447 boris,
1725 2381 1884 2440 etdimidia:

260 2455 397 2504 momenta
417 2448 566 2505 contineat.
588 2447 657 2505 llum
672 2458 762 2505 autem
782 2464 834 2503 una
855 2448 921 2504 born
944 2449 970 2504 in
984 2448 1052 2507 dun·
1103 2451 1306 2516 tertiadecima.
1332 2452 1401 2508 lucet
1426 2452 1520 2508 decem
1543 2449 1627 2517 lteris,
1651 2460 1680 2507 et
1701 2451 1847 2522 quadrante
1859 2462 1885 2510 et

259 2517 346 2574 doeim
362 2517 455 2575 noeirs
474 2519 509 2574 ad
522 2517 724 2574 similitudinem
746 2518 816 2574 assis
830 2519 967 2583 dividitur,
981 2519 1052 2574 dno·
1103 2522 1257 2589 semuncia;
1281 2520 1482 2592 quamadeclrna
1507 2522 1578 2578 lucet
1606 2521 1733 2578 urrdeclrn
1755 2523 1838 2590 buria,
1859 2537 1886 2579 ct

258 2586 433 2657 decimarius
446 2604 518 2659 pare,
533 2602 593 2658 quae
609 2589 687 2644 uncia
702 2590 794 2663 necari
808 2596 907 2659 potest,
922 2591 949 2645 in
965 2589 1052 2645 tribus
1102 2592 1200 2658 ercisc
1222 2591 1423 2663 quiritadecima
1445 2591 1517 2653 lucet
1543 2591 1667 2649 undecim
1693 2593 1778 2660 boris,
1801 2603 1829 2650 et
1840 2593 1884 2650 de·

260 2659 404 2713 momentis
426 2674 458 2714 ac
479 2659 556 2713 tertia
571 2659 648 2715 unius
664 2647 791 2717 nomiae
807 2668 885 2729 name
904 2659 1050 2716 inuenitur.
1102 2676 1215 2718 cuncem
1226 2670 1254 2719 et
1266 2663 1442 2729 semunciam,
1454 2662 1480 2719 id
1492 2671 1544 2729 εει,
1557 2663 1783 2720 duodecimbcris
1794 2673 1886 2736 nretm

259 2725 343 2797 Culus
363 2727 449 2783 unciae
472 2728 611 2784 dimidium
642 2737 686 2784 cst
708 2735 887 2794 mmnentum,
911 2745 992 2785 unum
1023 2740 1052 2786 et
1104 2744 1184 2787 unam
1201 2732 1886 2806 uncinmelsemunciamsiuerolraeecnmnutatio

261 2797 401 2853 dimidium
427 2801 567 2865 momenti,
583 2807 611 2853 ct
633 2810 711 2857 serta
725 2814 787 2871 pars
809 2801 890 2856 utrius
910 2802 1051 2856 momenti.
1101 2802 1721 2874 secundumlicdamquatunrnunctisqnotidie
1729 2816 1885 2871 succrescat,

259 2865 343 2934 igitur
351 2867 505 2938 predictum
515 2869 644 2940 analium,
651 2869 676 2924 id
684 2879 735 2935 εει,
743 2871 861 2927 dodrans
868 2869 1049 2936 etsemuncia,
1102 2869 1300 2942 decimaquinta
1311 2874 1373 2930 luna
1389 2874 1531 2930 duodecim
1550 2881 1747 2942 superterram
1761 2875 1834 2931 boris
1848 2874 1887 2930 la·

260 2951 325 2993 surr
339 2946 485 3001 momenta,
501 2948 529 2995 ct
541 2939 608 2994 duas
623 2940 715 2995 tertias
725 2952 827 3011 partes,
840 2940 867 2996 id
879 2947 930 3004 est,
944 2941 1050 2997 besem
1102 2955 1166 2998 cere
1182 2942 1331 3008 inuenitur:
1347 2957 1381 3001 ac
1395 2958 1444 3015 per
1462 2944 1514 3000 boc
1528 2952 1642 3015 apparet
1658 2954 1790 3015 querutum
1809 2946 1886 3003 distat

258 3009 316 3062 sire
327 3008 415 3063 blesen
431 3009 544 3066 intrare
557 3009 668 3078 colligit.
683 3011 733 3066 Bes
753 3025 880 3081 namque,
893 3018 922 3067 ut
936 3009 1051 3066 Priscis·
1102 3009 1683 3085 interPliniiSecnndisupnutationem,qur
1691 3014 1888 3085 ncrdodrantne

259 3094 309 3133 nus
321 3078 419 3145 docet,
441 3093 491 3151 pro
504 3081 554 3137 dea
567 3081 684 3151 norritur.
706 3080 760 3139 bes
780 3095 845 3137 vern
859 3094 957 3138 nornen
971 3096 1046 3138 cnm·
1101 3090 1130 3138 ct
1147 3084 1299 3142 semuncias
1312 3084 1474 3151 cumulatur,
1492 3093 1521 3142 et
1532 3082 1623 3152 bedec,
1640 3098 1701 3156 que
1713 3102 1763 3159 per
1775 3094 1888 3157 quatuor

257 3150 374 3218 positum
391 3158 451 3215 est,
467 3149 586 3221 dempto,
601 3151 705 3208 scillcet
717 3168 784 3209 reru
797 3151 881 3208 triens
900 3146 1087 3222 anomine,C
1104 3160 1227 3225 puncius.
1244 3153 1380 3212 irrueritnr
1392 3156 1465 3211 enim
1480 3171 1532 3212 una
1546 3157 1624 3212 uncia
1638 3166 1667 3216 et
1679 3157 1793 3214 semisse
1812 3159 1887 3215 unius

256 3220 378 3289 quodest
393 3221 476 3276 triens
487 3236 539 3276 una
553 3222 756 3293 litteraqnidem
767 3229 912 3293 assumpte.
929 3220 998 3278 lline
1008 3234 1050 3279 est
1102 3227 1188 3281 unciae
1196 3221 1357 3283 differentia.
1365 3223 1480 3282 Plinium
1491 3235 1581 3284 tamen
1588 3225 1887 3285 secundumn'tturalern

258 3291 304 3343 der
325 3291 520 3362 compositum,
541 3291 651 3360 demoto
671 3293 778 3361 triente,
795 3308 845 3364 pru
863 3307 918 3362 nuo
941 3294 1050 3350 nomine
1100 3308 1279 3353 cursumesse
1291 3304 1424 3363 secutum,
1435 3295 1560 3353 dubitare
1570 3311 1624 3352 non
1634 3295 1886 3364 deormnnttndan

257 3360 381 3432 ponimus
402 3363 455 3416 icc.
468 3362 522 3418 Sed
536 3363 691 3431 praediolum
704 3365 832 3434 spatium,
847 3361 947 3433 quoda
963 3360 1051 3419 Plinio
1100 3379 1166 3422 vcro
1176 3365 1330 3424 tarilirarsn
1342 3366 1516 3437 computandi
1528 3364 1652 3436 elegisse.
1662 3366 1692 3423 st
1703 3368 1785 3439 igitur
1829 3383 1887 3425 nus·

258 3430 383 3486 Secundo
393 3429 469 3497 iuxta
477 3432 627 3488 naturalem
639 3434 708 3489 lonae
722 3450 830 3490 cursum
840 3448 997 3504 expressum
1008 3442 1051 3490 est
1101 3437 1388 3508 cerccunisounntam
1399 3451 1567 3507 unaqueque
1584 3439 1804 3495 lunaseoundum
1843 3436 1887 3494 inil

257 3515 307 3570 orn
330 3497 458 3558 lacilitate
479 3501 639 3570 calculandi,
663 3503 734 3560 Reda
750 3514 865 3574 quatuor
887 3511 1050 3573 punctorum
1100 3503 1219 3567 Secundi
1233 3507 1472 3580 cummutationem,
1485 3523 1500 3563 a
1515 3507 1600 3578 prima
1613 3522 1699 3579 usque
1709 3509 1745 3565 sd
1757 3509 1886 3566 decimam

256 3585 357 3627 nomen
392 3581 421 3628 et
454 3587 607 3629 mensuram
638 3575 776 3647 appellare
796 3575 910 3633 curauit.
936 3573 965 3629 Si
988 3576 1050 3647 quia
1099 3577 1222 3648 quiritatu
1248 3577 1276 3632 in
1301 3587 1382 3635 nocte
1407 3577 1494 3643 lucet,
1521 3577 1668 3654 multiplica
1695 3578 1757 3649 ejus
1783 3587 1887 3636 aetatem

257 3656 324 3697 uero
336 3640 393 3696 rult
413 3643 574 3713 dignoscere
586 3654 688 3709 noranta
701 3642 856 3700 diliereotie
869 3645 905 3699 sit
918 3643 988 3701 inter
1001 3644 1050 3702 dn·
1099 3658 1206 3718 quater.
1221 3647 1257 3704 Et
1277 3662 1340 3705 eum
1357 3648 1527 3719 nennexerir
1546 3657 1743 3721 cumpunctus
1757 3648 1888 3720 insequa-

256 3711 359 3768 drant‘ts
368 3713 548 3770 etsemuncie
561 3713 686 3783 epatium,
701 3725 730 3770 et
747 3724 865 3784 quatuor
876 3726 1048 3785 punctorum,
1101 3718 1235 3774 ternarius
1249 3716 1395 3774 reddiderit
1418 3732 1556 3782 numerus,
1579 3726 1643 3776 tune
1657 3734 1693 3777 es
1704 3720 1771 3789 lusis
1785 3717 1888 3790 ρεηειιε

256 3783 326 3837 sciat
340 3781 421 3839 talem
434 3798 495 3840 esse
513 3782 692 3840 diliereotiam
715 3785 823 3855 qualern
847 3784 919 3841 inter
940 3785 1050 3856 triginta
1101 3784 1141 3843 mr
1155 3788 1249 3844 tertiae
1263 3796 1354 3859 portes
1367 3788 1495 3844 momenti
1515 3790 1643 3845 subtrahe
1665 3799 1734 3860 qrrot
1754 3790 1813 3847 dies
1825 3799 1888 3846 ειεε

255 3851 311 3907 duo
325 3861 513 3924 momenta,et
529 3853 638 3923 triginta
650 3871 743 3921 noum,
759 3863 787 3912 ct
807 3855 878 3911 bisse
891 3856 971 3912 unius
987 3870 1048 3912 mo·
1100 3857 1170 3914 lunae
1192 3858 1327 3916 babuerit.
1349 3857 1427 3914 Verbi
1442 3858 1542 3928 gratia,
1570 3859 1593 3915 si
1617 3858 1698 3916 irretit
1720 3877 1748 3929 r,
1772 3861 1888 3931 quinque

257 3924 352 3980 menti.
370 3920 434 3981 llere
457 3934 547 3981 autem
579 3923 730 3981 differentia
759 3926 893 3982 inuenitur
915 3925 943 3982 iu
969 3927 1048 3982 tenta
1100 3929 1296 4000 tertiaspartes
1308 3928 1448 3995 momenti,
1464 3928 1546 3985 idest
1565 3940 1732 3987 momentum
1749 3938 1888 3996 unum,ct

256 4001 335 4064 parte
352 3994 431 4052 unius
440 3993 579 4052 momenti.
591 3992 714 4062 Quatuor
725 3996 807 4066 igitur
816 3995 908 4067 puncti
918 4004 1048 4066 superant
1099 3998 1172 4055 bisse
1184 3998 1262 4055 nnius
1277 3999 1406 4055 momenti
1421 3999 1568 4064 ruborum
1583 4001 1642 4056 etsi
1657 3999 1739 4058 luerit
1753 4017 1784 4071 a,
1797 4002 1887 4058 decem

256 4062 417 4119 dodrantem
437 4075 465 4120 et
478 4067 653 4132 semunciam,
669 4067 696 4122 in
717 4068 795 4123 tertia
810 4073 886 4137 parte
901 4065 978 4120 unius
989 4081 1049 4122 mo·
1100 4069 1194 4125 tertias
1211 4078 1303 4140 partes
1325 4070 1465 4138 momenti,
1488 4068 1516 4126 id
1537 4078 1589 4134 εει,
1616 4070 1667 4127 tria
1691 4079 1843 4140 momenta,
1861 4080 1888 4126 et

258 4133 359 4201 mentl;
374 4134 514 4192 dodrantis
527 4151 592 4193 rern
603 4144 632 4189 ει
645 4139 789 4193 εειεεεεῑε
800 4135 868 4192 ratio
880 4141 962 4206 atque
973 4150 1048 4190 meu·
1100 4139 1206 4194 tertiam
1243 4148 1347 4210 nartem
1385 4141 1465 4195 unius
1501 4140 1654 4209 momenl,
1686 4143 1829 4199 subtrabe.
1859 4138 1888 4195 st

255 4218 320 4259 sura
332 4218 365 4258 ex
383 4204 550 4261 duodenario
564 4221 676 4262 numero
698 4207 777 4264 laeile
795 4206 1045 4275 cnmnrcbenditnr.
1099 4207 1179 4264 luerit
1203 4225 1247 4276 ar,
1262 4209 1416 4280 quindecim
1432 4211 1525 4266 tert'ns
1539 4221 1629 4281 partes
1643 4213 1784 4280 momenti,
1798 4212 1886 4277 idest.

256 4271 298 4327 Sit
311 4274 394 4341 enlm,
408 4275 623 4357 exemplicauaa,
639 4276 821 4333 duodenarius
831 4287 960 4333 numerus
969 4275 1048 4348 quast
1098 4279 1218 4352 quinque
1248 4291 1405 4345 momenta,
1429 4279 1568 4337 subtrahe.
1592 4279 1652 4353 lpse
1679 4296 1745 4339 reru
1771 4284 1889 4352 quinque

257 4344 336 4399 uncia
355 4359 408 4400 una
423 4362 431 4400 z
446 4343 574 4426 diuiditur
594 4346 640 4401 ida
659 4347 956 4430 uociaintresoartes,
969 4351 1047 4402 tertia
1099 4359 1258 4418 conmenta.
1289 4366 1371 4406 unam
1404 4351 1519 4406 atridam
1548 4361 1577 4408 ει
1604 4351 1743 4435 dimidiam
1773 4352 1889 4436 reddunt

256 4416 1048 4569 llllbtmtllttblldt'tumlti:filib
1098 4416 1597 4573 lb..ltl⁰...·..l‘¹l.lrlful.l
1617 4430 1701 4562 illi
1723 4436 1889 4550 tellit

255 4555 419 4623 udalentatti
438 4554 597 4624 dimidium,
618 4555 741 4613 binarius
762 4567 822 4625 εει,
849 4574 896 4630 qut
915 4559 1045 4625 binemus,
1062 4535 1126 4616 ⁰et
1139 4559 1289 4627 dimidium,
1303 4570 1332 4618 et
1344 4567 1422 4617 seru
1432 4576 1495 4633 pars
1506 4577 1584 4618 nurus
1598 4563 1739 4633 momenti,
1749 4562 1888 4621 dimidiam

254 4624 412 4681 duodenarii
431 4634 519 4682 εεειε.
530 4623 599 4681 ilinc
610 4628 838 4700 ostenditurquod
849 4627 1048 4684 inonmintcn-
1098 4630 1204 4686 unciaru
1218 4630 1365 4702 cumulent.

254 4709 319 4750 sura
338 4693 478 4752 dimidium
502 4696 590 4751 tertiae
612 4699 689 4752 serta
709 4697 791 4755 totins
815 4713 878 4769 nare
900 4696 1045 4754 inrenitur.
1133 4697 1196 4757 linc
1217 4700 1298 4771 icitur
1323 4702 1392 4757 ratio
1415 4716 1497 4771 quam
1521 4701 1645 4774 superius
1665 4703 1700 4760 de
1719 4719 1802 4761 cursu
1817 4702 1887 4759 tuna

255 4764 321 4824 item
339 4764 461 4832 ciusdem
482 4765 641 4822 duodenarii
660 4767 765 4824 numeri
785 4766 922 4835 dodrans,
947 4782 1046 4824 uorem
1096 4770 1277 4835 ostendimus.
1293 4773 1444 4844 peremnia
1467 4773 1620 4830 accessibus
1634 4782 1717 4844 atque
1736 4776 1888 4832 recessibus

254 4844 327 4892 surrt.
357 4833 474 4892 Tantum
497 4834 570 4892 enim
596 4835 623 4891 in
643 4852 696 4892 ura
720 4836 786 4893 born
810 4837 928 4894 dodrans
951 4845 1046 4903 tenet,
1096 4841 1179 4897 maris
1201 4840 1347 4899 conterrite
1368 4836 1540 4900 manifestum
1564 4853 1617 4898 est.
1639 4844 1721 4901 ilaris
1738 4845 1813 4902 enim
1841 4859 1886 4900 re·

255 4906 427 4975 quantumin
447 4906 612 4963 duodenario
637 4921 744 4964 norem.
771 4905 833 4964 Alio
855 4907 936 4964 modo
950 4925 957 4962 :
973 4905 1047 4966 liora
1096 4925 1129 4967 cc
1142 4927 1189 4970 sus
1200 4920 1283 4983 atque
1296 4926 1440 4982 εεεεεειιε,
1450 4914 1556 4971 analium
1569 4914 1651 4971 ctiam
1663 4922 1692 4970 ct
1704 4915 1792 4972 lmdun
1807 4924 1886 4974 ratu·

254 4973 431 5044 quadraginta
446 4985 582 5032 momenta
595 4976 688 5042 babet,
704 4985 731 5033 et
749 4979 959 5048 unumquodque
985 4993 1046 5035 mn·
1096 4981 1147 5038 tali
1159 4982 1299 5052 sequentis
1318 4980 1441 5040 lunarem
1454 4999 1563 5040 cursum
1582 4986 1739 5043 observant.
1762 4983 1832 5042 liinc
1844 4989 1887 5043 etl

256 5055 377 5100 mentum
399 5053 517 5115 quatuor
541 5046 623 5102 babet
645 5050 767 5104 trientes.
791 5047 956 5105 buodecima
984 5063 1047 5117 nara
1097 5061 1128 5106 ut
1147 5051 1217 5108 sicut
1240 5052 1303 5107 luna
1326 5067 1376 5122 ner
1395 5055 1471 5124 signa
1495 5068 1604 5111 cursum
1625 5069 1704 5110 suum
1730 5054 1845 5128 peragit,
1859 5058 1888 5109 et

252 5113 1046 5260 mlitdtltlm.ltltllldlimittit
1096 5121 1886 5269 {immemorilliusllbl'llbil‘tttd

960 5231 970 5256 ι

254 5254 414 5312 duodecima
429 5270 491 5326 pars
504 5256 610 5313 illorum
621 5269 672 5326 est,
688 5271 715 5317 et
731 5260 893 5330 dennatuur
903 5263 1047 5317 momentis
1100 5263 1204 5319 tardius
1219 5262 1348 5335 mmporis
1358 5273 1407 5321 aut
1424 5266 1459 5321 ad
1481 5273 1580 5321 terram
1594 5281 1642 5323 acc
1679 5269 1710 5333 it,
1724 5276 1773 5323 aut
1785 5282 1801 5321 ε
1812 5274 1884 5322 tem

255 5326 349 5395 accipe
363 5341 445 5382 unum
464 5326 602 5396 trientem,
623 5329 648 5383 id
670 5338 722 5393 εει,
742 5329 928 5386 duodecimam
942 5338 1046 5400 nartem
1096 5332 1207 5390 recedit.
1223 5330 1258 5388 lit
1278 5335 1348 5390 sicut
1361 5335 1435 5400 luna,
1459 5342 1488 5389 ut
1510 5335 1691 5407 prediximus,
1705 5336 1837 5393 roman
1857 5340 1886 5390 et

254 5389 372 5460 illerum,
389 5405 417 5451 et
433 5395 519 5466 junge
533 5395 621 5468 insum
636 5400 761 5455 trientem
774 5414 836 5455 num
850 5399 937 5455 tribus
951 5416 1047 5469 suora-
1097 5404 1248 5473 semuncia,
1264 5406 1307 5459 uel
1320 5414 1438 5475 quatuor
1453 5405 1559 5475 punctis
1572 5407 1673 5463 tardius
1687 5404 1774 5481 (uerbi
1787 5404 1884 5475 uratia)

253 5465 333 5523 dictis
361 5468 517 5533 momentis,
539 5475 567 5522 ct
598 5469 651 5524 erit
671 5469 718 5524 tibi
747 5471 835 5525 uncia
855 5467 891 5524 m
913 5470 1046 5528 medietas
1096 5472 1271 5548 hodiernum
1297 5476 1354 5532 beri
1379 5486 1440 5533 orta
1450 5484 1501 5539 eet,
1522 5485 1569 5532 aut
1587 5487 1649 5547 post
1670 5477 1735 5534 solis
1758 5488 1884 5531 demeum

254 5536 335 5594 unius
348 5537 446 5601 uncie,
459 5536 550 5601 idest,
564 5550 728 5594 monremum
739 5550 768 5595 ει
780 5540 927 5605 dimidium,
943 5549 971 5598 ct
990 5559 1047 5597 ore·
1096 5555 1178 5614 supra
1192 5555 1277 5602 teras
1299 5555 1438 5614 moratur,
1451 5545 1575 5602 similiter
1598 5562 1724 5604 aceessm
1737 5544 1819 5603 maris
1836 5553 1883 5601 aut

254 5606 344 5665 dietat
371 5607 492 5672 trientis,
511 5622 571 5677 quar
594 5619 705 5664 uocatur
718 5618 840 5672 sextante
855 5609 884 5663 id
897 5619 947 5676 est,
968 5622 1045 5668 serta
1096 5629 1218 5670 recessus
1227 5615 1323 5673 endem
1334 5617 1422 5687 spatio
1433 5614 1535 5672 tardius
1548 5617 1628 5672 bodie
1637 5631 1718 5688 quam
1728 5615 1885 5673 territent

257 5692 323 5747 pars
344 5677 485 5744 momenti,
506 5677 645 5732 semuncia
660 5690 800 5736 vocantur.
816 5678 887 5750 Ergo
901 5680 968 5737 bora
978 5696 1047 5752 qua·
1096 5687 1343 5756 comprehenditur.
1358 5684 1519 5744 sicutenim
1530 5688 1629 5743 animal
1641 5688 1677 5743 ad
1689 5702 1721 5744 sc
1733 5685 1815 5741 trabit
1825 5684 1880 5756 sni·

253 5747 416 5814 eneruem,
442 5755 472 5802 ut
489 5745 622 5812 diximus,
640 5747 721 5804 babet
742 5759 890 5814 moureota3
915 5760 1046 5807 etuuunr·
1096 5755 1188 5818 ritum,
1213 5757 1253 5810 sic
1276 5757 1339 5811 luna
1366 5770 1452 5813 mare.
1475 5755 1539 5824 Qui,
1554 5757 1658 5815 scilicet
1680 5766 1763 5815 mtto
1784 5754 1880 5811 θεεειιι

253 5818 381 5888 nitetque
417 5822 582 5876 momentum
620 5826 675 5875 tres
714 5817 834 5876 trientes
864 5819 1045 5894 Quadraginta
1096 5823 1216 5898 quotidie
1234 5825 1275 5883 bis
1288 5824 1413 5896 alllucre,
1432 5823 1632 5887 etecilicetbis
1643 5839 1776 5903 remeare,
1789 5822 1878 5892 idest,
